<?xml version="1.0" encoding="UTF-8"?>
<!DOCTYPE html PUBLIC "-//W3C//DTD XHTML 1.0 Transitional//EN"
    "http://www.w3.org/TR/xhtml1/DTD/xhtml1-transitional.dtd">
<html xmlns="http://www.w3.org/1999/xhtml" xml:lang="en" lang="en">
 <head>
  <title>
</title>
<meta http-equiv="Content-Type" content="text/html;charset=utf-8" />
  <meta name='ocr-system' content='tesseract 3.04.00' />
  <meta name='ocr-capabilities' content='ocr_page ocr_carea ocr_par ocr_line ocrx_word'/>
</head>
<body>
  <div class='ocr_page' id='page_1' title='image "./principiagramma01geitgoog_0035.png"; bbox 0 0 2696 4580; ppageno 0'>
   <div class='ocr_carea' id='block_1_1' title="bbox 145 3387 1299 3490">
    <p class='ocr_par' dir='ltr' id='par_1_1' title="bbox 145 3387 1299 3490">
     <span class='ocr_line' id='line_1_1' title="bbox 145 3387 1299 3490; baseline 0.004 -37"><span class='ocrx_word' id='word_1_1' title='bbox 145 3463 149 3472; x_wconf 45' lang='grc'>,</span> <span class='ocrx_word' id='word_1_2' title='bbox 256 3387 400 3468; x_wconf 83' lang='lat' dir='ltr'><strong>allatis,</strong></span> <span class='ocrx_word' id='word_1_3' title='bbox 434 3399 590 3473; x_wconf 89' lang='lat' dir='ltr'><strong>quatuor</strong></span> <span class='ocrx_word' id='word_1_4' title='bbox 617 3389 767 3455; x_wconf 90' lang='lat' dir='ltr'><strong>vocibus</strong></span> <span class='ocrx_word' id='word_1_5' title='bbox 792 3409 888 3454; x_wconf 89' lang='lat' dir='ltr'><strong>mere</strong></span> <span class='ocrx_word' id='word_1_6' title='bbox 914 3389 1067 3475; x_wconf 85' lang='lat' dir='ltr'><strong>persicis</strong></span> <span class='ocrx_word' id='word_1_7' title='bbox 1092 3391 1299 3490; x_wconf 73' lang='lat' dir='ltr'><strong>peculiares</strong></span> 
     </span>
    </p>
   </div>
   <div class='ocr_carea' id='block_1_2' title="bbox 304 94 841 193">
    <p class='ocr_par' dir='ltr' id='par_1_2' title="bbox 304 94 841 193">
     <span class='ocr_line' id='line_1_2' title="bbox 304 94 841 193; baseline -0.009 -2"><span class='ocrx_word' id='word_1_8' title='bbox 304 99 353 168; x_wconf 80' lang='lat'><strong>22</strong></span> <span class='ocrx_word' id='word_1_9' title='bbox 607 141 627 193; x_wconf 73' lang='grc'><strong>·,</strong></span> <span class='ocrx_word' id='word_1_10' title='bbox 709 94 763 191; x_wconf 64' lang='lat' dir='ltr'><strong>(i</strong></span> <span class='ocrx_word' id='word_1_11' title='bbox 789 95 841 186; x_wconf 80' lang='lat'><strong>4.)</strong></span> 
     </span>
    </p>
   </div>
   <div class='ocr_carea' id='block_1_3' title="bbox 202 265 1335 443">
    <p class='ocr_par' dir='ltr' id='par_1_3' title="bbox 202 265 1335 443">
     <span class='ocr_line' id='line_1_3' title="bbox 202 265 1335 443; baseline 0.032 -112"><span class='ocrx_word' id='word_1_12' title='bbox 202 326 206 332; x_wconf 86' lang='lat'>.</span> <span class='ocrx_word' id='word_1_13' title='bbox 259 307 460 378; x_wconf 83' lang='lat' dir='ltr'><strong>variatione</strong></span> <span class='ocrx_word' id='word_1_14' title='bbox 478 293 526 416; x_wconf 70' lang='lat' dir='ltr'><strong>ob</strong></span> <span class='ocrx_word' id='word_1_15' title='bbox 547 303 699 372; x_wconf 86' lang='lat' dir='ltr'><strong>formam</strong></span> <span class='ocrx_word' id='word_1_16' title='bbox 720 307 908 378; x_wconf 87' lang='lat' dir='ltr'><strong>literarum</strong></span> <span class='ocrx_word' id='word_1_17' title='bbox 931 285 1127 404; x_wconf 80' lang='lat' dir='ltr'><strong>pendulam</strong></span> <span class='ocrx_word' id='word_1_18' title='bbox 1153 265 1302 390; x_wconf 55' lang='grc' dir='ltr'><strong>ἀᾼὲ</strong></span> <span class='ocrx_word' id='word_1_19' title='bbox 1328 398 1335 443; x_wconf 52' lang='grc' dir='ltr'>Ι</span> 
     </span>
    </p>
   </div>
   <div class='ocr_carea' id='block_1_4' title="bbox 174 457 1336 910">
    <p class='ocr_par' dir='ltr' id='par_1_4' title="bbox 174 457 1336 910">
     <span class='ocr_line' id='line_1_4' title="bbox 256 457 1334 567; baseline 0.001 -22"><span class='ocrx_word' id='word_1_20' title='bbox 256 475 354 567; x_wconf 72' lang='lat' dir='ltr'><strong>taliq</strong></span> <span class='ocrx_word' id='word_1_21' title='bbox 385 457 524 556; x_wconf 61' lang='lat' dir='ltr'><strong>(uile,</strong></span> <span class='ocrx_word' id='word_1_22' title='bbox 561 469 738 561; x_wconf 78' lang='lat' dir='ltr'><strong>pendere)</strong></span> <span class='ocrx_word' id='word_1_23' title='bbox 780 475 974 543; x_wconf 73' lang='lat' dir='ltr'><strong>nominati.</strong></span> <span class='ocrx_word' id='word_1_24' title='bbox 1031 459 1300 546; x_wconf 74' lang='lat' dir='ltr'><strong>&#39;Incommuni</strong></span> <span class='ocrx_word' id='word_1_25' title='bbox 1333 521 1334 528; x_wconf 24' lang='grc' dir='ltr'><strong>κ</strong></span> 
     </span>
     <span class='ocr_line' id='line_1_5' title="bbox 174 589 1300 689; baseline 0 -29"><span class='ocrx_word' id='word_1_26' title='bbox 174 679 177 689; x_wconf 33' lang='grc' dir='ltr'>Ι</span> <span class='ocrx_word' id='word_1_27' title='bbox 257 603 444 682; x_wconf 89' lang='lat' dir='ltr'><strong>praeterea</strong></span> <span class='ocrx_word' id='word_1_28' title='bbox 472 589 546 655; x_wconf 83' lang='lat' dir='ltr'><strong>vita</strong></span> <span class='ocrx_word' id='word_1_29' title='bbox 573 589 753 656; x_wconf 87' lang='lat' dir='ltr'><strong>adhibent</strong></span> <span class='ocrx_word' id='word_1_30' title='bbox 787 592 1004 679; x_wconf 81' lang='lat' dir='ltr'><strong>scripturam</strong></span> <span class='ocrx_word' id='word_1_31' title='bbox 1030 595 1146 682; x_wconf 84' lang='lat' dir='ltr'><strong>magis</strong></span> <span class='ocrx_word' id='word_1_32' title='bbox 1174 594 1300 682; x_wconf 80' lang='lat' dir='ltr'><strong>iurpli-</strong></span> 
     </span>
     <span class='ocr_line' id='line_1_6' title="bbox 256 702 1336 793; baseline 0.003 -18"><span class='ocrx_word' id='word_1_33' title='bbox 256 709 429 788; x_wconf 82' lang='lat' dir='ltr'><strong>citamet</strong></span> <span class='ocrx_word' id='word_1_34' title='bbox 461 702 665 770; x_wconf 82' lang='lat' dir='ltr'><strong>diacriticis</strong></span> <span class='ocrx_word' id='word_1_35' title='bbox 702 705 977 772; x_wconf 89' lang='lat' dir='ltr'><strong>consonantium</strong></span> <span class='ocrx_word' id='word_1_36' title='bbox 1009 709 1157 793; x_wconf 88' lang='lat' dir='ltr'><strong>punctis</strong></span> <span class='ocrx_word' id='word_1_37' title='bbox 1195 709 1299 776; x_wconf 88' lang='lat' dir='ltr'><strong>haud</strong></span> <span class='ocrx_word' id='word_1_38' title='bbox 1334 717 1336 778; x_wconf 76' lang='lat' dir='ltr'><strong>l</strong></span> 
     </span>
     <span class='ocr_line' id='line_1_7' title="bbox 256 818 1299 910; baseline 0.004 -20"><span class='ocrx_word' id='word_1_39' title='bbox 256 839 339 892; x_wconf 85' lang='lat' dir='ltr'><strong>raro</strong></span> <span class='ocrx_word' id='word_1_40' title='bbox 359 819 591 903; x_wconf 87' lang='lat' dir='ltr'><strong>destitutam,</strong></span> <span class='ocrx_word' id='word_1_41' title='bbox 617 818 769 907; x_wconf 89' lang='lat' dir='ltr'><strong>ideoque</strong></span> <span class='ocrx_word' id='word_1_42' title='bbox 790 819 887 887; x_wconf 89' lang='lat' dir='ltr'><strong>lectu</strong></span> <span class='ocrx_word' id='word_1_43' title='bbox 907 818 1183 908; x_wconf 83' lang='lat' dir='ltr'><strong>difficillimam,</strong></span> <span class='ocrx_word' id='word_1_44' title='bbox 1204 845 1299 910; x_wconf 85' lang='lat' dir='ltr'><strong>quae</strong></span> 
     </span>
    </p>
   </div>
   <div class='ocr_carea' id='block_1_5' title="bbox 176 937 1298 1116">
    <p class='ocr_par' dir='ltr' id='par_1_5' title="bbox 176 937 1298 1116">
     <span class='ocr_line' id='line_1_8' title="bbox 176 937 1298 1116; baseline 0.064 -83"><span class='ocrx_word' id='word_1_45' title='bbox 176 975 188 998; x_wconf 76' lang='lat'><em>⁶</em></span> <span class='ocrx_word' id='word_1_46' title='bbox 257 937 411 1111; x_wconf 34' lang='lat' dir='ltr'><strong>aaz?</strong></span> <span class='ocrx_word' id='word_1_47' title='bbox 448 982 670 1054; x_wconf 74' lang='lat' dir='ltr'><strong>schelestelt</strong></span> <span class='ocrx_word' id='word_1_48' title='bbox 703 987 822 1055; x_wconf 83' lang='lat' dir='ltr'><strong>fracta</strong></span> <span class='ocrx_word' id='word_1_49' title='bbox 848 981 957 1072; x_wconf 64' lang='lat' dir='ltr'><strong>(³¹¹ias</strong></span> <span class='ocrx_word' id='word_1_50' title='bbox 989 937 1085 1116; x_wconf 46' lang='lat'><strong>5:51³:</strong></span> <span class='ocrx_word' id='word_1_51' title='bbox 1118 987 1298 1082; x_wconf 77' lang='lat' dir='ltr'><strong>qyrmeb)</strong></span> 
     </span>
    </p>
   </div>
   <div class='ocr_carea' id='block_1_6' title="bbox 237 1154 1340 3194">
    <p class='ocr_par' dir='ltr' id='par_1_6' title="bbox 237 1154 1340 3194">
     <span class='ocr_line' id='line_1_9' title="bbox 256 1154 1297 1245; baseline 0.001 -19"><span class='ocrx_word' id='word_1_52' title='bbox 256 1158 370 1227; x_wconf 83' lang='lat' dir='ltr'><strong>audit.</strong></span> <span class='ocrx_word' id='word_1_53' title='bbox 396 1187 447 1199; x_wconf 94' lang='grc'>-</span> <span class='ocrx_word' id='word_1_54' title='bbox 474 1154 665 1221; x_wconf 89' lang='lat' dir='ltr'><strong>Praeterea</strong></span> <span class='ocrx_word' id='word_1_55' title='bbox 703 1156 983 1241; x_wconf 87' lang='lat' dir='ltr'><strong>observandum,</strong></span> <span class='ocrx_word' id='word_1_56' title='bbox 1009 1155 1155 1242; x_wconf 84' lang='lat' dir='ltr'><strong>Persas,</strong></span> <span class='ocrx_word' id='word_1_57' title='bbox 1181 1182 1297 1245; x_wconf 88' lang='lat' dir='ltr'><strong>aeque</strong></span> 
     </span>
     <span class='ocr_line' id='line_1_10' title="bbox 254 1257 1337 1370; baseline -0.003 -26"><span class='ocrx_word' id='word_1_58' title='bbox 254 1296 298 1344; x_wconf 89' lang='lat' dir='ltr'><strong>ac</strong></span> <span class='ocrx_word' id='word_1_59' title='bbox 324 1271 463 1339; x_wconf 82' lang='lat' dir='ltr'><strong>Arabes</strong></span> <span class='ocrx_word' id='word_1_60' title='bbox 494 1281 531 1336; x_wconf 88' lang='lat' dir='ltr'><strong>et</strong></span> <span class='ocrx_word' id='word_1_61' title='bbox 559 1268 718 1356; x_wconf 70' lang='lat' dir='ltr'><strong>Turum,</strong></span> <span class='ocrx_word' id='word_1_62' title='bbox 757 1285 951 1358; x_wconf 85' lang='lat' dir='ltr'>numquam</span> <span class='ocrx_word' id='word_1_63' title='bbox 989 1290 1155 1356; x_wconf 84' lang='lat' dir='ltr'><strong>separare</strong></span> <span class='ocrx_word' id='word_1_64' title='bbox 1192 1297 1300 1370; x_wconf 79' lang='lat' dir='ltr'><strong>voca-</strong></span> <span class='ocrx_word' id='word_1_65' title='bbox 1336 1257 1337 1262; x_wconf 6' lang='grc' dir='ltr'>ἵ</span> 
     </span>
     <span class='ocr_line' id='line_1_11' title="bbox 255 1381 1307 1475; baseline -0.001 -18"><span class='ocrx_word' id='word_1_66' title='bbox 255 1381 381 1458; x_wconf 79' lang='lat' dir='ltr'><strong>bulum</strong></span> <span class='ocrx_word' id='word_1_67' title='bbox 405 1383 587 1474; x_wconf 85' lang='lat' dir='ltr'><strong>quoddam</strong></span> <span class='ocrx_word' id='word_1_68' title='bbox 609 1386 646 1451; x_wconf 91' lang='lat' dir='ltr'><strong>iu</strong></span> <span class='ocrx_word' id='word_1_69' title='bbox 668 1385 844 1475; x_wconf 79' lang='lat' dir='ltr'><strong>syllabas,</strong></span> <span class='ocrx_word' id='word_1_70' title='bbox 871 1387 923 1453; x_wconf 85' lang='lat' dir='ltr'><strong>ita</strong></span> <span class='ocrx_word' id='word_1_71' title='bbox 945 1395 984 1452; x_wconf 90' lang='lat' dir='ltr'><strong>ut</strong></span> <span class='ocrx_word' id='word_1_72' title='bbox 1005 1387 1109 1472; x_wconf 87' lang='lat' dir='ltr'><strong>prior</strong></span> <span class='ocrx_word' id='word_1_73' title='bbox 1125 1389 1307 1457; x_wconf 84' lang='lat' dir='ltr'><strong>vocabuli</strong></span> 
     </span>
     <span class='ocr_line' id='line_1_12' title="bbox 256 1498 1302 1594; baseline -0.001 -23"><span class='ocrx_word' id='word_1_74' title='bbox 256 1525 341 1594; x_wconf 86' lang='lat' dir='ltr'><strong>pars</strong></span> <span class='ocrx_word' id='word_1_75' title='bbox 367 1498 414 1566; x_wconf 90' lang='lat' dir='ltr'><strong>ad</strong></span> <span class='ocrx_word' id='word_1_76' title='bbox 441 1499 621 1588; x_wconf 85' lang='lat' dir='ltr'><strong>priorem,</strong></span> <span class='ocrx_word' id='word_1_77' title='bbox 654 1501 834 1586; x_wconf 80' lang='lat' dir='ltr'><strong>posterior</strong></span> <span class='ocrx_word' id='word_1_78' title='bbox 860 1500 905 1565; x_wconf 91' lang='lat' dir='ltr'><strong>ad</strong></span> <span class='ocrx_word' id='word_1_79' title='bbox 932 1511 1140 1585; x_wconf 84' lang='lat' dir='ltr'><strong>sequentem</strong></span> <span class='ocrx_word' id='word_1_80' title='bbox 1166 1501 1302 1570; x_wconf 88' lang='lat' dir='ltr'><strong>lineam</strong></span> 
     </span>
     <span class='ocr_line' id='line_1_13' title="bbox 254 1593 1298 1710; baseline 0 -22"><span class='ocrx_word' id='word_1_81' title='bbox 254 1619 459 1710; x_wconf 83' lang='lat' dir='ltr'><strong>pertineat,</strong></span> <span class='ocrx_word' id='word_1_82' title='bbox 486 1616 547 1683; x_wconf 89' lang='lat' dir='ltr'><strong>sed</strong></span> <span class='ocrx_word' id='word_1_83' title='bbox 574 1614 605 1684; x_wconf 87' lang='lat' dir='ltr'><strong>si</strong></span> <span class='ocrx_word' id='word_1_84' title='bbox 631 1636 700 1681; x_wconf 85' lang='lat' dir='ltr'><strong>vox</strong></span> <span class='ocrx_word' id='word_1_85' title='bbox 725 1613 901 1700; x_wconf 86' lang='lat' dir='ltr'><strong>quaedam</strong></span> <span class='ocrx_word' id='word_1_86' title='bbox 928 1614 966 1680; x_wconf 92' lang='lat' dir='ltr'><strong>in</strong></span> <span class='ocrx_word' id='word_1_87' title='bbox 990 1593 1063 1681; x_wconf 80' lang='lat' dir='ltr'><strong>fine</strong></span> <span class='ocrx_word' id='word_1_88' title='bbox 1083 1616 1201 1684; x_wconf 86' lang='lat' dir='ltr'><strong>lineae</strong></span> <span class='ocrx_word' id='word_1_89' title='bbox 1225 1643 1298 1688; x_wconf 92' lang='lat' dir='ltr'><strong>non</strong></span> 
     </span>
     <span class='ocr_line' id='line_1_14' title="bbox 254 1729 1338 1822; baseline -0.002 -19"><span class='ocrx_word' id='word_1_90' title='bbox 254 1735 341 1804; x_wconf 86' lang='lat' dir='ltr'><strong>satis</strong></span> <span class='ocrx_word' id='word_1_91' title='bbox 356 1732 517 1820; x_wconf 86' lang='lat' dir='ltr'><strong>reperiat</strong></span> <span class='ocrx_word' id='word_1_92' title='bbox 531 1731 617 1813; x_wconf 90' lang='lat' dir='ltr'><strong>loci,</strong></span> <span class='ocrx_word' id='word_1_93' title='bbox 639 1740 701 1795; x_wconf 88' lang='lat' dir='ltr'><strong>aut</strong></span> <span class='ocrx_word' id='word_1_94' title='bbox 724 1750 861 1794; x_wconf 85' lang='lat' dir='ltr'><strong>sursum</strong></span> <span class='ocrx_word' id='word_1_95' title='bbox 884 1729 1086 1796; x_wconf 84' lang='lat' dir='ltr'><strong>inflectitur</strong></span> <span class='ocrx_word' id='word_1_96' title='bbox 1099 1730 1298 1820; x_wconf 85' lang='lat' dir='ltr'><strong>scriptura,</strong></span> <span class='ocrx_word' id='word_1_97' title='bbox 1337 1817 1338 1822; x_wconf 5' lang='grc' dir='ltr'>ἵ</span> 
     </span>
     <span class='ocr_line' id='line_1_15' title="bbox 255 1845 1300 1932; baseline -0.002 -16"><span class='ocrx_word' id='word_1_98' title='bbox 255 1859 319 1916; x_wconf 90' lang='lat' dir='ltr'><strong>aut</strong></span> <span class='ocrx_word' id='word_1_99' title='bbox 351 1846 501 1914; x_wconf 89' lang='lat' dir='ltr'><strong>ultimae</strong></span> <span class='ocrx_word' id='word_1_100' title='bbox 534 1846 664 1911; x_wconf 86' lang='lat' dir='ltr'><strong>literae</strong></span> <span class='ocrx_word' id='word_1_101' title='bbox 697 1853 990 1932; x_wconf 85' lang='lat' dir='ltr'><strong>superponuntur</strong></span> <span class='ocrx_word' id='word_1_102' title='bbox 1027 1845 1223 1930; x_wconf 89' lang='lat' dir='ltr'><strong>prioribus.</strong></span> <span class='ocrx_word' id='word_1_103' title='bbox 1250 1881 1300 1894; x_wconf 90' lang='lat'>—</span> 
     </span>
     <span class='ocr_line' id='line_1_16' title="bbox 256 1953 1339 2054; baseline -0.001 -21"><span class='ocrx_word' id='word_1_104' title='bbox 256 1964 383 2054; x_wconf 83' lang='lat' dir='ltr'><strong>Signis</strong></span> <span class='ocrx_word' id='word_1_105' title='bbox 411 1961 718 2051; x_wconf 84' lang='lat' dir='ltr'><strong>interpunctionis</strong></span> <span class='ocrx_word' id='word_1_106' title='bbox 744 1960 853 2027; x_wconf 90' lang='lat' dir='ltr'><strong>etiam</strong></span> <span class='ocrx_word' id='word_1_107' title='bbox 872 1969 1009 2046; x_wconf 88' lang='lat' dir='ltr'><strong>careat,</strong></span> <span class='ocrx_word' id='word_1_108' title='bbox 1024 1982 1129 2049; x_wconf 86' lang='lat' dir='ltr'><strong>saepe</strong></span> <span class='ocrx_word' id='word_1_109' title='bbox 1156 1964 1299 2032; x_wconf 89' lang='lat' dir='ltr'><strong>nullam</strong></span> <span class='ocrx_word' id='word_1_110' title='bbox 1338 1953 1339 1970; x_wconf 47' lang='lat'>¹</span> 
     </span>
     <span class='ocr_line' id='line_1_17' title="bbox 254 2075 1299 2161; baseline -0.002 -13"><span class='ocrx_word' id='word_1_111' title='bbox 254 2082 351 2150; x_wconf 88' lang='lat' dir='ltr'><strong>inter</strong></span> <span class='ocrx_word' id='word_1_112' title='bbox 396 2078 557 2145; x_wconf 85' lang='lat' dir='ltr'><strong>diversas</strong></span> <span class='ocrx_word' id='word_1_113' title='bbox 603 2097 707 2142; x_wconf 87' lang='lat' dir='ltr'><strong>voces</strong></span> <span class='ocrx_word' id='word_1_114' title='bbox 750 2075 996 2161; x_wconf 88' lang='lat' dir='ltr'><strong>relinquentes</strong></span> <span class='ocrx_word' id='word_1_115' title='bbox 1035 2075 1299 2160; x_wconf 69' lang='lat' dir='ltr'><strong>interstitium</strong></span> 
     </span>
     <span class='ocr_line' id='line_1_18' title="bbox 254 2189 1297 2264; baseline -0.004 -2"><span class='ocrx_word' id='word_1_116' title='bbox 254 2194 435 2264; x_wconf 82' lang='lat' dir='ltr'><strong>dictiones</strong></span> <span class='ocrx_word' id='word_1_117' title='bbox 461 2193 559 2258; x_wconf 90' lang='lat' dir='ltr'><strong>enim</strong></span> <span class='ocrx_word' id='word_1_118' title='bbox 585 2215 605 2258; x_wconf 91' lang='lat' dir='ltr'><strong>a</strong></span> <span class='ocrx_word' id='word_1_119' title='bbox 631 2213 667 2257; x_wconf 88' lang='lat' dir='ltr'><strong>se</strong></span> <span class='ocrx_word' id='word_1_120' title='bbox 694 2191 851 2256; x_wconf 90' lang='lat' dir='ltr'><strong>invicem</strong></span> <span class='ocrx_word' id='word_1_121' title='bbox 876 2189 1142 2261; x_wconf 81' lang='lat' dir='ltr'><strong>discernuntur</strong></span> <span class='ocrx_word' id='word_1_122' title='bbox 1175 2192 1297 2258; x_wconf 86' lang='lat' dir='ltr'><strong>literis</strong></span> 
     </span>
     <span class='ocr_line' id='line_1_19' title="bbox 253 2285 1340 2394; baseline -0.004 -20"><span class='ocrx_word' id='word_1_123' title='bbox 253 2309 445 2394; x_wconf 75' lang='lat' dir='ltr'><strong>finalibuS,</strong></span> <span class='ocrx_word' id='word_1_124' title='bbox 471 2328 562 2394; x_wconf 89' lang='lat' dir='ltr'><strong>quae</strong></span> <span class='ocrx_word' id='word_1_125' title='bbox 588 2305 769 2392; x_wconf 84' lang='lat' dir='ltr'><strong>peculiari</strong></span> <span class='ocrx_word' id='word_1_126' title='bbox 796 2285 1010 2389; x_wconf 85' lang='lat' dir='ltr'><strong>plerumque</strong></span> <span class='ocrx_word' id='word_1_127' title='bbox 1036 2303 1195 2390; x_wconf 85' lang='lat' dir='ltr'><strong>gaudent</strong></span> <span class='ocrx_word' id='word_1_128' title='bbox 1222 2304 1298 2370; x_wconf 88' lang='lat' dir='ltr'><strong>for·</strong></span> <span class='ocrx_word' id='word_1_129' title='bbox 1339 2309 1340 2322; x_wconf 61' lang='lat'>¹</span> 
     </span>
     <span class='ocr_line' id='line_1_20' title="bbox 253 2414 1298 2539; baseline -0.004 -49"><span class='ocrx_word' id='word_1_130' title='bbox 253 2427 329 2508; x_wconf 78' lang='lat' dir='ltr'><strong>ma,</strong></span> <span class='ocrx_word' id='word_1_131' title='bbox 368 2432 408 2489; x_wconf 89' lang='lat' dir='ltr'><strong>ut</strong></span> <span class='ocrx_word' id='word_1_132' title='bbox 439 2455 466 2539; x_wconf 62' lang='lat' dir='ltr'><strong>,a</strong></span> <span class='ocrx_word' id='word_1_133' title='bbox 497 2442 565 2508; x_wconf 89' lang='lat' dir='ltr'><strong>pro</strong></span> <span class='ocrx_word' id='word_1_134' title='bbox 591 2441 640 2492; x_wconf 68' lang='lat' dir='ltr'><strong>a.</strong></span> <span class='ocrx_word' id='word_1_135' title='bbox 679 2437 714 2524; x_wconf 63' lang='lat' dir='ltr'>Z</span> <span class='ocrx_word' id='word_1_136' title='bbox 752 2433 882 2507; x_wconf 62' lang='lat' dir='ltr'><strong>pros</strong></span> <span class='ocrx_word' id='word_1_137' title='bbox 911 2428 980 2484; x_wconf 88' lang='lat' dir='ltr'><strong>etc.</strong></span> <span class='ocrx_word' id='word_1_138' title='bbox 1020 2414 1298 2486; x_wconf 86' lang='lat' dir='ltr'><strong>Sententiarum</strong></span> 
     </span>
     <span class='ocr_line' id='line_1_21' title="bbox 256 2532 1299 2623; baseline 0.001 -20"><span class='ocrx_word' id='word_1_139' title='bbox 256 2558 343 2604; x_wconf 84' lang='lat' dir='ltr'><strong>vero</strong></span> <span class='ocrx_word' id='word_1_140' title='bbox 368 2546 405 2604; x_wconf 88' lang='lat' dir='ltr'><strong>et</strong></span> <span class='ocrx_word' id='word_1_141' title='bbox 439 2533 673 2623; x_wconf 88' lang='lat' dir='ltr'><strong>periodorum</strong></span> <span class='ocrx_word' id='word_1_142' title='bbox 712 2533 868 2599; x_wconf 87' lang='lat' dir='ltr'><strong>ambitus</strong></span> <span class='ocrx_word' id='word_1_143' title='bbox 908 2532 1299 2620; x_wconf 38' lang='lat' dir='ltr'><strong>ipsavconstructione</strong></span> 
     </span>
     <span class='ocr_line' id='line_1_22' title="bbox 255 2648 1299 2738; baseline 0 -17"><span class='ocrx_word' id='word_1_144' title='bbox 255 2653 444 2737; x_wconf 86' lang='lat' dir='ltr'><strong>definitur,</strong></span> <span class='ocrx_word' id='word_1_145' title='bbox 482 2673 573 2738; x_wconf 86' lang='lat' dir='ltr'><strong>quae</strong></span> <span class='ocrx_word' id='word_1_146' title='bbox 610 2648 763 2718; x_wconf 83' lang='lat' dir='ltr'><strong>verbum</strong></span> <span class='ocrx_word' id='word_1_147' title='bbox 799 2650 1012 2737; x_wconf 85' lang='lat' dir='ltr'><strong>plerumque</strong></span> <span class='ocrx_word' id='word_1_148' title='bbox 1045 2651 1174 2718; x_wconf 88' lang='lat' dir='ltr'><strong>ultimo</strong></span> <span class='ocrx_word' id='word_1_149' title='bbox 1212 2652 1299 2721; x_wconf 92' lang='lat' dir='ltr'><strong>loco</strong></span> 
     </span>
     <span class='ocr_line' id='line_1_23' title="bbox 254 2764 1299 2858; baseline 0.003 -26"><span class='ocrx_word' id='word_1_150' title='bbox 254 2769 462 2858; x_wconf 84' lang='lat' dir='ltr'><strong>ponendum</strong></span> <span class='ocrx_word' id='word_1_151' title='bbox 504 2765 621 2854; x_wconf 85' lang='lat' dir='ltr'><strong>jubet.</strong></span> <span class='ocrx_word' id='word_1_152' title='bbox 692 2764 1084 2858; x_wconf 23' lang='lat' dir='ltr'><strong>Adhibenturltameu</strong></span> <span class='ocrx_word' id='word_1_153' title='bbox 1122 2789 1299 2835; x_wconf 89' lang='lat' dir='ltr'><strong>nonnum-</strong></span> 
     </span>
     <span class='ocr_line' id='line_1_24' title="bbox 237 2870 1300 2971; baseline 0.004 -23"><span class='ocrx_word' id='word_1_154' title='bbox 237 2883 493 2971; x_wconf 68' lang='lat' dir='ltr'><strong>‘quamsigna</strong></span> <span class='ocrx_word' id='word_1_155' title='bbox 518 2898 548 2958; x_wconf 63' lang='lat' dir='ltr'><strong>:a</strong></span> <span class='ocrx_word' id='word_1_156' title='bbox 574 2901 595 2948; x_wconf 77' lang='grc' dir='ltr'><strong>τ.</strong></span> <span class='ocrx_word' id='word_1_157' title='bbox 621 2875 661 2966; x_wconf 55' lang='grc' dir='ltr'>Φ</span> <span class='ocrx_word' id='word_1_158' title='bbox 688 2902 778 2966; x_wconf 91' lang='lat' dir='ltr'><strong>quae</strong></span> <span class='ocrx_word' id='word_1_159' title='bbox 812 2870 944 2946; x_wconf 83' lang='lat' dir='ltr'><strong>uostris</strong></span> <span class='ocrx_word' id='word_1_160' title='bbox 975 2881 1123 2967; x_wconf 89' lang='lat' dir='ltr'><strong>punctis</strong></span> <span class='ocrx_word' id='word_1_161' title='bbox 1150 2905 1300 2971; x_wconf 86' lang='lat' dir='ltr'><strong>respon-</strong></span> 
     </span>
     <span class='ocr_line' id='line_1_25' title="bbox 255 2988 1299 3081; baseline 0.002 -18"><span class='ocrx_word' id='word_1_162' title='bbox 255 2996 355 3063; x_wconf 86' lang='lat' dir='ltr'><strong>dent.</strong></span> <span class='ocrx_word' id='word_1_163' title='bbox 418 2994 551 3081; x_wconf 84' lang='lat' dir='ltr'><strong>Capita</strong></span> <span class='ocrx_word' id='word_1_164' title='bbox 576 3003 614 3060; x_wconf 89' lang='lat' dir='ltr'><strong>et</strong></span> <span class='ocrx_word' id='word_1_165' title='bbox 640 2988 793 3080; x_wconf 85' lang='lat' dir='ltr'><strong>majores</strong></span> <span class='ocrx_word' id='word_1_166' title='bbox 826 2993 1003 3061; x_wconf 84' lang='lat' dir='ltr'><strong>sectiones</strong></span> <span class='ocrx_word' id='word_1_167' title='bbox 1035 2994 1213 3065; x_wconf 89' lang='lat' dir='ltr'><strong>librorum</strong></span> <span class='ocrx_word' id='word_1_168' title='bbox 1239 2998 1299 3065; x_wconf 91' lang='lat' dir='ltr'><strong>di-</strong></span> 
     </span>
     <span class='ocr_line' id='line_1_26' title="bbox 256 3105 1130 3194; baseline 0 -20"><span class='ocrx_word' id='word_1_169' title='bbox 256 3105 497 3194; x_wconf 83' lang='lat' dir='ltr'><strong>stinguuntur</strong></span> <span class='ocrx_word' id='word_1_170' title='bbox 523 3105 642 3172; x_wconf 89' lang='lat' dir='ltr'><strong>literis</strong></span> <span class='ocrx_word' id='word_1_171' title='bbox 669 3105 789 3171; x_wconf 88' lang='lat' dir='ltr'><strong>rubris</strong></span> <span class='ocrx_word' id='word_1_172' title='bbox 817 3106 876 3172; x_wconf 87' lang='lat' dir='ltr'><strong>vel</strong></span> <span class='ocrx_word' id='word_1_173' title='bbox 904 3109 1050 3176; x_wconf 88' lang='lat' dir='ltr'><strong>auratis.</strong></span> <span class='ocrx_word' id='word_1_174' title='bbox 1116 3107 1130 3134; x_wconf 50' lang='lat'><strong>‘¹</strong></span> 
     </span>
    </p>
   </div>
   <div class='ocr_carea' id='block_1_7' title="bbox 351 3263 1340 3414">
    <p class='ocr_par' dir='ltr' id='par_1_7' title="bbox 351 3263 1340 3414">
     <span class='ocr_line' id='line_1_27' title="bbox 351 3263 1340 3414; baseline 0.008 -76"><span class='ocrx_word' id='word_1_175' title='bbox 351 3263 395 3354; x_wconf 82' lang='lat'><strong>2)</strong></span> <span class='ocrx_word' id='word_1_176' title='bbox 427 3269 565 3348; x_wconf 79' lang='lat' dir='ltr'><strong>Literis</strong></span> <span class='ocrx_word' id='word_1_177' title='bbox 596 3270 767 3339; x_wconf 86' lang='lat' dir='ltr'><strong>Arabicis</strong></span> <span class='ocrx_word' id='word_1_178' title='bbox 803 3269 853 3338; x_wconf 82' lang='lat'><strong>28</strong></span> <span class='ocrx_word' id='word_1_179' title='bbox 891 3265 991 3356; x_wconf 90' lang='lat' dir='ltr'><strong>(nam</strong></span> <span class='ocrx_word' id='word_1_180' title='bbox 1023 3297 1067 3341; x_wconf 85' lang='lat' dir='ltr'><strong>ex</strong></span> <span class='ocrx_word' id='word_1_181' title='bbox 1102 3273 1149 3342; x_wconf 81' lang='lat'><strong>32</strong></span> <span class='ocrx_word' id='word_1_182' title='bbox 1187 3298 1300 3364; x_wconf 86' lang='lat' dir='ltr'><strong>supra</strong></span> <span class='ocrx_word' id='word_1_183' title='bbox 1339 3331 1340 3414; x_wconf 72' lang='lat'><strong>,</strong></span> 
     </span>
    </p>
   </div>
   <div class='ocr_carea' id='block_1_8' title="bbox 256 3489 1297 3834">
    <p class='ocr_par' dir='ltr' id='par_1_8' title="bbox 256 3489 1297 3834">
     <span class='ocr_line' id='line_1_28' title="bbox 256 3489 1297 3633; baseline 0.004 -66"><span class='ocrx_word' id='word_1_184' title='bbox 256 3512 360 3586; x_wconf 87' lang='lat' dir='ltr'><strong>sunt,</strong></span> <span class='ocrx_word' id='word_1_185' title='bbox 386 3501 546 3570; x_wconf 84' lang='lat' dir='ltr'><strong>scilicet:</strong></span> <span class='ocrx_word' id='word_1_186' title='bbox 572 3528 618 3606; x_wconf 43' lang='grc' dir='ltr'>Ψ</span> <span class='ocrx_word' id='word_1_187' title='bbox 643 3523 687 3589; x_wconf 90' lang='lat' dir='ltr'><strong>p,</strong></span> <span class='ocrx_word' id='word_1_188' title='bbox 710 3549 745 3633; x_wconf 54' lang='grc' dir='ltr'>ὅ</span> <span class='ocrx_word' id='word_1_189' title='bbox 770 3501 891 3587; x_wconf 86' lang='lat' dir='ltr'><strong>tsche,</strong></span> <span class='ocrx_word' id='word_1_190' title='bbox 913 3535 941 3619; x_wconf 79' lang='lat'><strong>,·</strong></span> <span class='ocrx_word' id='word_1_191' title='bbox 965 3502 1033 3570; x_wconf 89' lang='lat' dir='ltr'><strong>zhe</strong></span> <span class='ocrx_word' id='word_1_192' title='bbox 1061 3517 1096 3572; x_wconf 90' lang='lat' dir='ltr'><strong>et</strong></span> <span class='ocrx_word' id='word_1_193' title='bbox 1117 3489 1183 3570; x_wconf 48' lang='grc' dir='ltr'><strong>ΚΓ</strong></span> <span class='ocrx_word' id='word_1_194' title='bbox 1198 3499 1297 3593; x_wconf 79' lang='lat' dir='ltr'><strong>galf)</strong></span> 
     </span>
     <span class='ocr_line' id='line_1_29' title="bbox 257 3632 1297 3720; baseline 0 -22"><span class='ocrx_word' id='word_1_195' title='bbox 257 3632 441 3700; x_wconf 88' lang='lat' dir='ltr'><strong>interdum</strong></span> <span class='ocrx_word' id='word_1_196' title='bbox 481 3643 633 3701; x_wconf 89' lang='lat' dir='ltr'><strong>utuntur</strong></span> <span class='ocrx_word' id='word_1_197' title='bbox 659 3632 790 3700; x_wconf 84' lang='lat' dir='ltr'><strong>Persae</strong></span> <span class='ocrx_word' id='word_1_198' title='bbox 822 3633 868 3701; x_wconf 92' lang='lat' dir='ltr'><strong>ad</strong></span> <span class='ocrx_word' id='word_1_199' title='bbox 900 3633 1160 3720; x_wconf 81' lang='lat' dir='ltr'><strong>significandos</strong></span> <span class='ocrx_word' id='word_1_200' title='bbox 1185 3635 1297 3700; x_wconf 86' lang='lat' dir='ltr'><strong>etiarn</strong></span> 
     </span>
     <span class='ocr_line' id='line_1_30' title="bbox 257 3747 1295 3834; baseline 0 -20"><span class='ocrx_word' id='word_1_201' title='bbox 257 3767 438 3830; x_wconf 86' lang='lat' dir='ltr'><strong>numeros,</strong></span> <span class='ocrx_word' id='word_1_202' title='bbox 477 3769 547 3834; x_wconf 87' lang='lat' dir='ltr'><strong>qua</strong></span> <span class='ocrx_word' id='word_1_203' title='bbox 584 3749 723 3815; x_wconf 87' lang='lat' dir='ltr'><strong>ratione</strong></span> <span class='ocrx_word' id='word_1_204' title='bbox 755 3747 976 3816; x_wconf 84' lang='lat' dir='ltr'><strong>dividuntur</strong></span> <span class='ocrx_word' id='word_1_205' title='bbox 1007 3748 1074 3814; x_wconf 89' lang='lat' dir='ltr'><strong>hae</strong></span> <span class='ocrx_word' id='word_1_206' title='bbox 1099 3748 1229 3813; x_wconf 85' lang='lat' dir='ltr'><strong>literae</strong></span> <span class='ocrx_word' id='word_1_207' title='bbox 1257 3751 1295 3814; x_wconf 91' lang='lat' dir='ltr'><strong>in</strong></span> 
     </span>
    </p>
   </div>
   <div class='ocr_carea' id='block_1_9' title="bbox 258 3861 1297 3956">
    <p class='ocr_par' dir='ltr' id='par_1_9' title="bbox 258 3861 1297 3956">
     <span class='ocr_line' id='line_1_31' title="bbox 258 3861 1297 3956; baseline 0 -24"><span class='ocrx_word' id='word_1_208' title='bbox 258 3872 342 3932; x_wconf 85' lang='lat' dir='ltr'><strong>octo</strong></span> <span class='ocrx_word' id='word_1_209' title='bbox 369 3884 476 3934; x_wconf 79' lang='lat' dir='ltr'><strong>voces</strong></span> <span class='ocrx_word' id='word_1_210' title='bbox 501 3863 706 3949; x_wconf 87' lang='lat' dir='ltr'><strong>technicas,</strong></span> <span class='ocrx_word' id='word_1_211' title='bbox 733 3865 770 3932; x_wconf 89' lang='lat' dir='ltr'><strong>in</strong></span> <span class='ocrx_word' id='word_1_212' title='bbox 795 3865 1041 3956; x_wconf 28' lang='lat' dir='ltr'><strong>quibus-„ordo</strong></span> <span class='ocrx_word' id='word_1_213' title='bbox 1062 3861 1110 3930; x_wconf 78' lang='lat'><strong>22</strong></span> <span class='ocrx_word' id='word_1_214' title='bbox 1131 3864 1297 3950; x_wconf 86' lang='lat' dir='ltr'><strong>priorum</strong></span> 
     </span>
    </p>
   </div>
   <div class='ocr_carea' id='block_1_10' title="bbox 0 0 1353 4580">
    <p class='ocr_par' dir='ltr' id='par_1_10' title="bbox 0 0 1353 4580">
     <span class='ocr_line' id='line_1_32' title="bbox 0 0 1353 4580; baseline 0 0"><span class='ocrx_word' id='word_1_215' title='bbox 0 0 1353 4580; x_wconf 95' lang='lat' dir='ltr'><strong> </strong></span> 
     </span>
    </p>
   </div>
  </div>
 </body>
</html>
