2696 4580
396 706 965 839 Praefatiof

224 1181 227 1190 ,
277 1142 369 1179 -'··-
386 1131 513 1196 „minora
531 1133 580 1189 illa
600 1159 635 1174 -·
655 1134 721 1196 red,
738 1105 812 1204 'quas
831 1132 858 1185 si
875 1121 1024 1202 negligas,
1041 1149 1098 1190 uon
1116 1129 1155 1188 rit

457 1236 615 1307 ruajorlbus'
630 1229 741 1296 loen'r.”
808 1237 1007 1310 Quintilianus.

104 1472 239 1610 Haud
266 1537 407 1631 injuste
423 1540 655 1634 gravissimas
677 1540 772 1610 inter
791 1561 947 1632 caussas,
965 1563 1058 1632 quae
1081 1550 1154 1614 stu·

37 1707 40 1711 -
102 1659 210 1727 dium.
231 1661 444 1751 linguarum
471 1659 704 1730 orientalium
731 1663 936 1749 retardent,
969 1663 1151 1749 numerari

5 1765 9 1778 '
103 1777 192 1842 solet
227 1777 359 1865 inopia
393 1773 653 1861 subsidiorum,
692 1775 861 1864 inprimis
888 1777 1067 1848 librorum
1092 1775 1153 1845 di·

102 1889 354 1978 (lecticorum,
381 1903 579 1982 praecepta
600 1891 728 1958 barum
749 1892 960 1982 linguarum
985 1893 1151 1964 breviter

26 1987 29 1994 ¹
101 2018 138 2073 et
162 2008 335 2076 dilucide
361 2009 625 2076 exhibentium
677 2003 720 2073 Si
746 2009 843 2074 enim
870 2031 890 2074 a
916 2009 994 2076 sola
1018 2010 1152 2078 disces-

35 2105 38 2114 ’
102 2122 188 2188 seris
221 2124 369 2210 linguai
390 2121 579 2216 Hebraea,
619 2115 723 2216 cujus
757 2105 972 2190 ediscendae
1004 2121 1151 2212 copiam
1233 2181 1240 2198 ,

5 2267 31 2282 .,
75 2228 329 2304 'nostratibus
349 2237 547 2325 praebuere
568 2247 605 2303 et
620 2235 830 2305 adhucdum
853 2237 1031 2326 praebent
1052 2237 1150 2328 opti
1221 2322 1224 2333 1

102 2350 149 2456 mi
176 2347 287 2416 libri
299 2348 480 2416 didactici
507 2372 529 2414 a
556 2349 644 2420 viris
667 2349 923 2418 eruditissimis
949 2349 1153 2440 praecipue

103 2465 141 2532 in
168 2439 373 2533 Germania
408 2465 520 2547 editi3
560 2467 599 2532 in
635 2465 766 2535 ceteris
792 2453 956 2534 omnibus
985 2463 1151 2534 Orientis

36 2647 38 2654 Α
103 2579 341 2648 idiomatibus
368 2580 616 2669 percipiendis
650 2577 804 2649 maxima
838 2586 1020 2671 urgemur
1034 2579 1150 2654 subsi·
1193 2589 1196 2594 “
1313 2570 1315 2573 ’

61 2748 63 2753 .
102 2681 244 2765 diorum
275 2690 439 2784 penoris.
503 2694 580 2764 Aut
611 2698 727 2780 enim,
759 2697 892 2786 quiin
920 2696 1037 2764 lucem
1065 2717 1150 2786 pro·

100 2813 201 2880 diere
226 2812 359 2902 harum
386 2811 592 2901 linguarum
625 2813 715 2880 libri
747 2799 999 2900 elementares,
1035 2813 1150 2882 nimio

56 3005 57 3012 χ
103 2909 261 2995 veneun't
287 2926 421 3014 pretio,
447 2929 500 2993 ita
533 2938 572 2995 nt
599 2951 619 2995 a
645 2931 872 3017 paucissimis
898 2930 970 2998 emi
996 2929 1150 3018 possint,

101 3053 164 3108 aut
192 3043 269 3110 rari
296 3053 331 3108 et
358 3042 396 3107 in
423 3041 584 3110 tabernis
618 3021 883 3113 librariis'non
909 3045 1012 3112 obvii
1039 3051 1150 3131 pecu·

99 3154 161 3222 nii
198 3155 407 3248 comparari
446 3169 648 3244 nequeunt,
683 3172 744 3228 aut
771 3159 968 3252 peregrina
993 3159 1151 3248 quddam

100 3271 306 3358 conscripti
351 3270 487 3359 linguai⁴
524 3271 786 3343 difficultatem
831 3275 871 3344 in
912 3259 1185 3347 idiomatibus„

5 3461 11 3471 .
100 3384 344 3451 orientalibus
385 3384 610 3480 ediscendis,
658 3409 725 3476 per
764 3412 819 3456 se‘
845 3412 918 3458 nou
947 3375 1149 3476 seuiguam,

100 3507 248 3587 augent,
270 3475 332 3563 aut
354 3490 510 3582 demum,
530 3501 807 3570 certdcarentes
829 3501 989 3586 ratione,
1010 3499 1174 3588 frustra&

101 3609 351 3681 consuluntur.
403 3613 511 3698 Quod
539 3613 577 3684 in
602 3609 867 3684 universum'si
897 3615 1005 3702 valet,
1025 3614 1148 3724 multo

100 3729 215 3817 magis
254 3730 301 3797 de
340 3721 512 3797 subsidiis
550 3731 597 3798 ad
633 3729 919 3800 venustissimam
956 3727 1148 3800 Persarum
1206 3791 1211 3799 ,
1254 3745 1258 3753 '

25 3851 37 3866 ·’
101 3838 268 3932 linguam
295 3832 526 3935 ediscendam
549 3845 757 3914 necessariis
784 3841 970 3925 adfirmari
997 3845 1147 3934 poterit.
1241 3865 1242 3868 ’

100 3947 399 4042 Ωιιιιιιιιίιθιιὶιιι
427 3961 548 4032 variae
581 3952 769 4032 idiomatis
794 3959 936 4032 Persici
965 3961 1005 4054 iu
1030 3961 1149 4056 lucem
