2696 4580
48 351 205 444 qnippe
226 369 336 441 qnae,
362 350 403 419 in
422 349 496 420 alia
517 347 638 420 omnia
659 345 798 438 abicnr,
815 349 1115 445 grarirrirnirqre
1238 349 1241 356 ’

49 478 207 540 scatens
232 467 415 539 erroribus
440 458 489 554 *),
519 464 669 558 linguae
699 465 864 557 persicae
894 467 1116 544 ediscendae

52 582 245 673 cupidum
270 580 386 672 magia
412 579 635 668 confundat,
666 601 773 669 qnam
805 583 924 653 roiidd
949 581 1115 676 ejusdem

53 698 204 768 notitia
228 697 566 783 instruat-Quae
592 715 674 766 cunr
701 695 755 765 ita
780 696 874 785 sint,
899 695 1020 770 officii
1039 698 1115 768 mai

54 835 139 882 csse
166 811 257 880 duxi
283 810 536 900 qualecunque
559 807 675 880 hocca
698 810 913 899 opusculum
931 812 970 884 in
990 813 1115 884 iucem

56 929 253 1014 omittere,
279 935 321 996 nt
347 935 385 996 et
411 925 537 1018 paruis
562 925 740 996 sumtibus
765 934 803 997 ot
828 926 964 1016 abrqno
988 927 1115 1020 longis

57 1039 559 1127 anfractibusaqnoonnqne
583 1038 734 1130 linguae
759 1039 925 1132 persicae
950 1041 1116 1113 studioso

58 1157 103 1225 in
130 1153 206 1224 irao
231 1154 359 1242 saltum
383 1153 515 1224 nostrd.
532 1149 788 1226 Univcraitatc
812 1153 994 1228 facillime
1017 1175 1118 1230 oom-

59 1268 192 1362 parari
217 1269 344 1356 possit.

165 1383 413 1487 Praecipuum
438 1381 477 1452 in
504 1383 769 1456 conscribendo
787 1383 904 1458 hocce
923 1385 1023 1458 libro
1046 1385 1124 1458 du..

63 1521 147 1572 cern
174 1507 319 1601 secutus
343 1520 421 1568 sum
441 1497 721 1588 ,Ironrrnrsrrrurm
753 1498 860 1590 cujus
885 1500 1121 1590 praeclarum
1257 1496 1260 1502 ’

21 1629 22 1660 i
64 1635 159 1704 opus
187 1610 455 1682 Grammaticos
480 1612 645 1700 persicae
670 1621 743 1682 non
769 1607 905 1702 injuste
930 1633 1013 1682 cum
1032 1631 1120 1682 oon·

21 1753 24 1772 ·
64 1726 346 1797 summatissimd
365 1724 509 1794 liinstr.
529 1724 589 1794 lin
613 1723 733 1798 Sacrr
760 1725 1014 1809 Grammaticis
1037 1744 1121 1794 ara-

66 1845 153 1916 bicd
177 1841 341 1914 conferri
369 1852 503 1933 potest.
518 1841 701 1914 -Grato
726 1853 918 1935 praeterea
941 1843 1123 1935 profitear

21 2026 26 2064 s
68 1982 212 2031 necesse
233 1969 287 2029 est
308 1960 444 2045 animo,
469 1958 669 2048 plurimum
690 1968 821 2030 memet
838 1960 972 2030 dobere
995 1979 1120 2048 rarae,

21 2145 27 2159 ‚
69 2097 179 2164 quarn
203 2097 299 2145 anno
323 2072 421 2144 1834
445 2072 579 2160 habui,
604 2075 793 2144 occasioni
820 2074 1120 2148 institutionibus

68 2191 220 2262 fruendi
239 2191 519 2272 'duumvirorum
539 2189 586 2258 ad
607 2186 783 2259 Scholam
800 2188 1022 2276 Asiaticam,
1042 2185 1123 2256 Mi·

70 2307 222 2380 nisterio
257 2305 449 2398 Imperiali
483 2326 539 2376 res
571 2313 713 2374 exteras
746 2303 941 2394 Petropoii
973 2301 1122 2375 curanti

22 2442 30 2482 t
71 2423 301 2513 adjunctam,
332 2431 422 2491 tnnc
452 2419 629 2508 temporis
660 2419 806 2511 linguas
831 2420 1030 2491 orientales
1055 2418 1122 2489 do·

70 2537 178 2613 cendi
203 2557 348 2606 munere
375 2533 627 2626 fungentium,
652 2534 963 2606 consiliariorum
991 2533 1122 2607 Statua

24 2663 31 2674 ‘
72 2666 107 2724 ot
126 2651 304 2741 Equitum
325 2649 531 2722 anncrscr
552 2652 741 2726 Caranon
758 2661 796 2722 et
811 2649 948 2721 Mraun
970 2650 1123 2722 Decan-

23 2754 32 2792 ⁸
73 2789 178 2842 nanu
219 2761 413 2836 Tornscrn
449 2763 862 2853 Baecnnwstquorum
905 2773 1123 2854 praecepta,
1182 2757 1186 2768 ⁴

23 2855 32 2902 ⁸
74 2881 220 2970 linguae
257 2878 420 2966 persicae
456 2877 569 2970 adyta
611 2879 706 2949 mihi
742 2877 976 2950 recludentia
1016 2886 1123 2948 tanto

24 2965 33 3002 r
76 2993 267 3086 promtiori
298 2994 527 3082 accipiebam
558 2995 703 3082 animo,
734 3003 871 3082 quanto
897 2990 1029 3084 majori
1053 2992 1124 3064 hu·

76 3110 259 3182 manicatis
283 3106 415 3177 horum
440 3111 602 3180 virorum
626 3119 735 3199 atque
760 3108 1040 3181 benevolentiae
1067 3109 1125 3178 in·

24 3186 34 3326 3
78 3227 190 3318 signis
222 3221 464 3296 admiratione
496 3225 644 3298 adiecto
675 3222 894 3314 quotidiand
925 3224 1125 3296 eorundem

25 3392 34 3430 e
79 3339 335 3412 consuetudine
366 3337 458 3406 rnihi
488 3339 546 3408 uti
579 3339 724 3410 liceret.
747 3369 799 3387 -
821 3338 878 3408 Dc
908 3348 1053 3426 octeno,
1078 3336 1139 3407 ab‘

25 3502 36 3532 ι.
79 3454 190 3539 omni,
222 3452 262 3520 in
294 3451 408 3523 hacce
440 3452 582 3541 opella,
619 3453 880 3525 abstinendum
918 3473 994 3522 esse
1031 3449 1126 3522 duxi

25 3609 36 3630 r.
78 3566 328 3646 innovatione,
359 3565 431 3656 qud
464 3565 742 3637 Grammaticen
773 3564 1036 3654 universalem,
1070 3563 1126 3636 ite

27 3704 36 3743 e
78 3688 270 3816 W
285 3740 361 3843 heia
383 3758 568 3843 enumerare
594 3738 739 3803 odiorum
762 3742 822 3803 ert.
858 3737 990 3844 Videris
1008 3734 1127 3802 Butler

31 3790 51 3964 i
162 3826 654 3994 enuntiarentur
673 3824 968 4009 tiniec<
985 3825 1045 3892 is
