2696 4580
205 201 354 306 ¹os
599 146 954 288 &mmm

354 397 389 492 §.
414 399 473 473 11.
522 400 717 490 Tempora
753 407 847 464 sunt:
874 383 916 478 1)
941 387 1152 475 Aortstum,
1180 381 1240 474 (h.
1267 409 1299 453 e.

153 564 162 578 =
255 509 506 603 indefinitum)
531 516 629 605 quod
656 533 822 602 praesens
853 519 890 578 et
915 504 1079 574 futurum
1104 503 1214 572 simul
1243 504 1301 568 in·
1331 567 1333 620 1

254 635 396 718 cludit,
422 625 465 717 2)
491 631 702 712 Praesens,
730 621 771 710 3)
798 620 1059 692 Praeteritum
1084 612 1298 704 definitum,

252 745 296 834 4)
335 744 626 840 Imperfectum,
674 733 716 827 5)
746 735 1007 808 Praeteritum
1042 726 1299 820 indefinitum,

251 863 295 950 6)
315 851 751 954 plusquamperfectum,
802 847 846 938 t)
870 850 1051 920 Futurum
1081 845 1298 916 absolutum
1333 899 1334 912 ι

251 977 427 1068 attriplex,
452 965 494 1060 8)
508 972 690 1042 Futurum
716 967 961 1050 compositum
988 979 1025 1032 et
1050 955 1093 1054 9)
1111 963 1299 1034 Futurum

250 1099 436 1162 exactum.

348 1198 383 1292 §.
413 1200 470 1270 12.
508 1201 658 1272 Numeri
685 1201 773 1268 dno:
802 1195 1027 1292 Singularis
1051 1204 1087 1266 et
1103 1193 1297 1274 Plaralis;
1334 1169 1335 1206 ³

249 1297 450 1373 Personae
476 1311 559 1383 tres,
596 1304 634 1366 in
670 1309 823 1384 utroque
851 1319 1013 1364 numero.
1074 1295 1214 1378 (Verba
1242 1295 1295 1362 sio
1333 1292 1336 1334 i

132 1487 140 1494 .
249 1420 352 1487 dicta
371 1413 661 1507 impersonatio,
691 1414 748 1480 vet
767 1409 1065 1504 unipersonolio‚
1082 1411 1195 1478 tertii
1213 1421 1295 1478 ten·
1335 1411 1336 1492 f

249 1545 326 1604 tom
350 1532 515 1621 gaudent
542 1529 695 1617 persona
720 1528 918 1618 singularis
943 1519 1115 1612 numeri).
1335 1535 1336 1604 j

344 1641 379 1734 §.
407 1645 465 1714 1³.
515 1643 560 1712 ln
591 1639 871 1735 conjugatione
896 1642 1101 1712 Verborum
1127 1643 1297 1714 Persico·

248 1785 327 1834 rum
347 1758 494 1828 maximi
517 1761 688 1824 momenti
714 1771 767 1824 est
786 1757 978 1846 formatio
999 1755 1222 1850 Imperatioi
1247 1781 1295 1826 eo:
1336 1817 1337 1840 ᾗ

238 1871 446 1964 ⁴lupiniaco,
472 1871 636 1958 quamsi
663 1872 809 1940 noveris
842 1881 985 1940 ceterae
1015 1894 1135 1940 omnes
1167 1872 1293 1940 flexio·
1337 1959 1338 1962 Ἴ

246 2009 309 2057 nes
349 1985 478 2073 planae
515 1983 673 2051 evadent
705 1995 742 2053 et
783 1985 926 2071 faciles,
952 1987 1091 2076 quippe
1125 2009 1216 2077 quae
1249 2010 1293 2056 ex

247 2087 441 2176 infinitivo
461 2111 498 2166 et
514 2098 739 2186 imperativo
762 2101 808 2167 ad
830 2113 946 2168 certas
967 2101 1112 2190 regulas
1136 2101 1290 2170 formari

245 2216 398 2308 possint.
435 2213 500 2280 Est
524 2213 640 2303 igitur
662 2215 876 2290 Infinitivus
901 2217 1061 2282 omnium
1087 2225 1292 2304 temporum

238 2333 336 2422 fine
372 2342 409 2397 et
446 2329 551 2420 origo
591 2321 639 2415 *),
676 2351 786 2417 quare
825 2330 937 2398 etiam
973 2351 996 2396 a
1029 2327 1292 2403 Grammaticis
1338 2343 1339 2346 ’

251 2463 452 2478 m

251 2507 258 2518 ²
287 2527 323 2608 ⁴¹)
348 2532 381 2593 Si
406 2533 443 2595 ed
466 2535 568 2616 ipsam
591 2534 727 2615 genesin
748 2534 907 2594 variarum
927 2530 1100 2595 renonum
1114 2533 1292 2600 verbalium

332 2637 496 2709 adtendas,
526 2640 653 2701 inverse
679 2638 786 2718 potius
815 2639 899 2700 volet
918 2639 1015 2709 ratio,
1043 2638 1077 2698 h.
1099 2657 1127 2700 e.
1153 2640 1292 2720 impere-

274 2729 277 2736 ’
331 2745 432 2813 tirus,
457 2749 530 2805 utut
552 2743 728 2822 simplicior
746 2751 814 2805 ete
832 2743 944 2805 minori
967 2743 1131 2805 literarum
1154 2763 1291 2806 numero

331 2853 478 2909 constans
512 2845 629 2908 melius
663 2864 720 2926 pro
756 2845 865 2908 radiae
887 2845 998 2921 baberi
1026 2865 1120 2926 posse
1147 2848 1289 2922 videtur,

332 2969 425 3030 quam
448 2949 648 3024 infinitivus,
673 2951 857 3031 praesertim
873 2950 996 3029 integer
1014 2950 1072 3012 ille
1086 2946 1152 3028 (vet
1176 2953 1207 3016 si
1223 2973 1291 3016 ms-

333 3056 383 3117 ris
418 3054 651 3136 prolongatum
685 3072 743 3117 nos
766 3063 883 3126 minen,
906 3054 944 3115 eb
972 3055 1058 3116 omni
1092 3054 1296 3122 abstinentes

332 3160 536 3223 innovatione
558 3165 591 3222 et
618 3158 764 3221 brevitati
794 3164 1034 3238 praeceptorum
1057 3158 1288 3234 incumbentes,

331 3265 490 3329 contraria
512 3263 673 3346 progressi
697 3283 808 3328 sumus
831 3264 892 3325 rio.
936 3261 1087 3327 Vindicet
1109 3271 1212 3326 autem
1235 3269 1289 3327 in·
1338 3275 1339 3278 ’

321 3381 482 3459 finitione
514 3402 572 3444 suo
606 3383 700 3443 etism
731 3380 806 3462 jure
840 3382 904 3443 sibi
938 3399 1052 3444 nomen
1086 3379 1123 3442 ri
1145 3369 1290 3477 βιαιο

331 3487 354 3546 i.
378 3505 408 3545 e.
427 3487 552 3565 sontis,
576 3506 633 3550 sou
656 3486 814 3566 originis,
839 3490 949 3566 utpote
971 3485 1163 3566 principiam
1187 3485 1290 3566 sigui·

330 3590 488 3652 floritionis
511 3590 689 3660 verborum,
724 3588 760 3649 ob
788 3589 933 3652 omnibus
970 3578 1152 3653 adventitiis
1186 3588 1289 3653 deter-

330 3693 556 3758 minatIonibus
580 3694 668 3754 verbi
694 3692 779 3754 finiti
803 3693 937 3770 liberem
961 3705 1075 3774 quere,
1098 3693 1127 3756 si
1150 3693 1287 3772 tmpera-

328 3797 430 3858 tivum
466 3805 503 3861 at
534 3799 731 3878 gerrnetioom
764 3798 834 3862 sive
875 3799 1114 3879 etymologicam
1146 3798 1286 3862 radicem

330 3899 495 3966 verborum
508 3904 945 3984 agnoscamus,1ntinitivum
967 3910 1071 3966 temen
1094 3910 1131 3966 ut
1153 3904 1286 3983 logicam

329 4005 472 4085 ejusdem
495 4007 634 4071 redicem
655 4008 857 4072 considerare
885 4007 972 4071 houd
995 4009 1059 4070 erit
1082 4006 1264 4074 mumdum.
